@Article{sutton1988learning,
  author    = {Sutton, Richard S},
  title     = {Learning to predict by the methods of temporal differences},
  journal   = {Machine learning},
  year      = {1988},
  volume    = {3},
  number    = {1},
  pages     = {9--44},
  file      = {sutton1988learning.pdf:./database/sutton1988learning.pdf:PDF;sutton1988learning.pdf:database/sutton1988learning.pdf:PDF;:http\://incompleteideas.net/sutton/papers/sutton-88-with-erratum.pdf:URL},
  publisher = {Springer},
}
